<?xml version="1.0" encoding="UTF-8"?><collection xmlns="http://www.loc.gov/MARC21/slim"><record><leader>00493nam--2200193-i-4500</leader><controlfield tag="001">000014767</controlfield><controlfield tag="002">20161230</controlfield><controlfield tag="005">20161230201031</controlfield><controlfield tag="008">060222s1000------------r-----000-0-fre-d</controlfield><datafield ind1=" " ind2=" " tag="040"><subfield code="a">IFIN-HH</subfield></datafield><datafield ind1=" " ind2=" " tag="041"><subfield code="a">fre</subfield></datafield><datafield ind1=" " ind2=" " tag="080"><subfield code="a">524.8</subfield></datafield><datafield ind1="1" ind2=" " tag="100"><subfield code="a">Andrillat, H</subfield></datafield><datafield ind1="1" ind2="0" tag="245"><subfield code="a">Introduction a l'etude des cosmologies</subfield><subfield code="c">H. andrillat</subfield></datafield><datafield ind1=" " ind2=" " tag="260"><subfield code="a">Paris</subfield><subfield code="b">Librairie Armand Colin</subfield><subfield code="c">1970</subfield></datafield><datafield ind1=" " ind2=" " tag="300"><subfield code="a">224 P</subfield></datafield><datafield ind1=" " ind2=" " tag="490"><subfield code="a">Cillection Intersciences</subfield></datafield><datafield ind1=" " ind2=" " tag="852"><subfield code="a">75346</subfield><subfield code="c">523</subfield></datafield><datafield ind1=" " ind2=" " tag="CAT"><subfield code="a">Sys</subfield><subfield code="c">20141208</subfield><subfield code="h">180610</subfield></datafield></record></collection>